<record><leader>00000cas a22000007a 4500</leader><controlfield tag="001">11794913</controlfield><controlfield tag="008">850312d18721884mnuwr ne      0    0eng d</controlfield><datafield ind1=" " ind2=" " tag="010"><subfield code="a">sn 85025558 </subfield></datafield><datafield ind1=" " ind2=" " tag="040"><subfield code="a">NPX</subfield><subfield code="b">eng</subfield><subfield code="c">NPX</subfield><subfield code="d">NPU</subfield><subfield code="d">MN#</subfield><subfield code="d">NSD</subfield><subfield code="d">MN#</subfield><subfield code="d">OCLCQ</subfield><subfield code="d">OCLCF</subfield><subfield code="d">OCLCO</subfield></datafield><datafield ind1="1" ind2=" " tag="029"><subfield code="a">AU@</subfield><subfield code="b">000020352243</subfield></datafield><datafield ind1=" " ind2=" " tag="042"><subfield code="a">msc</subfield></datafield><datafield ind1=" " ind2=" " tag="043"><subfield code="a">n-us-mn</subfield></datafield><datafield ind1=" " ind2=" " tag="052"><subfield code="a">4144</subfield><subfield code="b">N8</subfield></datafield><datafield ind1=" " ind2=" " tag="052"><subfield code="a">4143</subfield><subfield code="b">R6</subfield></datafield><datafield ind1="0" ind2="0" tag="245"><subfield code="a">Rice County journal.</subfield></datafield><datafield ind1=" " ind2=" " tag="260"><subfield code="a">Northfield, Minn. :</subfield><subfield code="b">C.A. Wheaton</subfield></datafield><datafield ind1=" " ind2=" " tag="300"><subfield code="a">v.</subfield></datafield><datafield ind1=" " ind2=" " tag="310"><subfield code="a">Weekly</subfield></datafield><datafield ind1="1" ind2=" " tag="362"><subfield code="a">Began in 1872; ceased in 1884.</subfield></datafield><datafield ind1=" " ind2=" " tag="588"><subfield code="a">Description based on: Vol. 1, no. 34 (Apr. 30, 1873).</subfield></datafield><datafield ind1=" " ind2="0" tag="651"><subfield code="a">Northfield (Minn.)</subfield><subfield code="v">Newspapers.</subfield></datafield><datafield ind1=" " ind2="7" tag="655"><subfield code="a">Newspapers.</subfield><subfield code="2">fast</subfield><subfield code="0">(OCoLC)fst01423814</subfield></datafield><datafield ind1=" " ind2="7" tag="651"><subfield code="a">Minnesota</subfield><subfield code="z">Northfield.</subfield><subfield code="2">fast</subfield><subfield code="0">(OCoLC)fst01202777</subfield></datafield><datafield ind1=" " ind2=" " tag="752"><subfield code="a">United States</subfield><subfield code="b">Minnesota</subfield><subfield code="c">Rice</subfield><subfield code="d">Northfield.</subfield></datafield><datafield ind1="0" ind2="4" tag="785"><subfield code="t">Northfield news (Northfield, Minn.)</subfield><subfield code="x">1053-542X</subfield><subfield code="w">(DLC)sn 83016829</subfield></datafield></record>